@article{Kim:2009:SMM:1531326.1531385,
 author = {Kim, Manmyung and Hyun, Kyunglyul and Kim, Jongmin and Lee, Jehee},
 title = {Synchronized multi-character motion editing},
 journal = {ACM Trans. Graph.},
 issue_date = {August 2009},
 volume = {28},
 issue = {3},
 month = jul,
 year = {2009},
 issn = {0730-0301},
 pages = {79:1--79:9},
 articleno = {79},
 numpages = {9},
 url = {http://doi.acm.org/10.1145/1531326.1531385},
 doi = {http://doi.acm.org/10.1145/1531326.1531385},
 acmid = {1531385},
 publisher = {ACM},
 address = {New York, NY, USA},
 keywords = {character animation, human motion, interactive motion editing, motion capture, multi-character interaction},
} 

@article{Floater200319,
title = "Mean value coordinates",
journal = "Computer Aided Geometric Design",
volume = "20",
number = "1",
pages = "19--27",
year = "2003",
note = "",
issn = "0167-8396",
doi = "10.1016/S0167-8396(03)00002-5",
url = "http://www.sciencedirect.com/science/article/pii/S0167839603000025",
author = "Michael S. Floater",
keywords = "Barycentric coordinates",
keywords = "Harmonic function",
keywords = "Mean value theorem",
keywords = "Parameterization",
keywords = "Morphing"
}

@article{Hormann:2006:MVC:1183287.1183295,
 author = {Hormann, Kai and Floater, Michael S.},
 title = {Mean value coordinates for arbitrary planar polygons},
 journal = {ACM Trans. Graph.},
 issue_date = {October 2006},
 volume = {25},
 issue = {4},
 month = {October},
 year = {2006},
 issn = {0730-0301},
 pages = {1424--1441},
 numpages = {18},
 url = {http://doi.acm.org/10.1145/1183287.1183295},
 doi = {http://doi.acm.org/10.1145/1183287.1183295},
 acmid = {1183295},
 publisher = {ACM},
 address = {New York, NY, USA},
 keywords = {Barycentric coordinates, interpolation},
} 

@article{Guo2008245,
title = "As-rigid-as-possible shape deformation and interpolation",
journal = "Journal of Visual Communication and Image Representation",
volume = "19",
number = "4",
pages = "245--255",
year = "2008",
note = "",
issn = "1047-3203",
doi = "10.1016/j.jvcir.2008.01.003",
url = "http://www.sciencedirect.com/science/article/pii/S1047320308000059",
author = "He Guo and Xinyuan Fu and Feng Chen and Hongji Yang and Yuxin Wang and Han Li",
keywords = "Triangle mesh",
keywords = "Edge length constraint",
keywords = "Global properties",
keywords = "Local properties",
keywords = "Boundary properties",
keywords = "Contour vertices matching"
}

@article{Kwon:2008:GME:1360612.1360679,
 author = {Kwon, Taesoo and Lee, Kang Hoon and Lee, Jehee and Takahashi, Shigeo},
 title = {Group motion editing},
 journal = {ACM Trans. Graph.},
 issue_date = {August 2008},
 volume = {27},
 issue = {3},
 month = {August},
 year = {2008},
 issn = {0730-0301},
 pages = {80:1--80:8},
 articleno = {80},
 numpages = {8},
 url = {http://doi.acm.org/10.1145/1360612.1360679},
 doi = {http://doi.acm.org/10.1145/1360612.1360679},
 acmid = {1360679},
 publisher = {ACM},
 address = {New York, NY, USA},
 keywords = {character animation, crowd simulation, group motion editing, human motion},
} 

@article{Lee:2006:MPB:1141911.1141972,
 author = {Lee, Kang Hoon and Choi, Myung Geol and Lee, Jehee},
 title = {Motion patches: building blocks for virtual environments annotated with motion data},
 journal = {ACM Trans. Graph.},
 volume = {25},
 issue = {3},
 month = {July},
 year = {2006},
 issn = {0730-0301},
 pages = {898--906},
 numpages = {9},
 url = {http://doi.acm.org/10.1145/1141911.1141972},
 doi = {http://doi.acm.org/10.1145/1141911.1141972},
 acmid = {1141972},
 publisher = {ACM},
 address = {New York, NY, USA},
 keywords = {human motion, interactive character animation, motion capture, path planning, virtual environments},
} 

@article{Lipman:2008:GC:1360612.1360677,
 author = {Lipman, Yaron and Levin, David and Cohen-Or, Daniel},
 title = {Green Coordinates},
 journal = {ACM Trans. Graph.},
 issue_date = {August 2008},
 volume = {27},
 issue = {3},
 month = {August},
 year = {2008},
 issn = {0730-0301},
 pages = {78:1--78:10},
 articleno = {78},
 numpages = {10},
 url = {http://doi.acm.org/10.1145/1360612.1360677},
 doi = {http://doi.acm.org/10.1145/1360612.1360677},
 acmid = {1360677},
 publisher = {ACM},
 address = {New York, NY, USA},
}

@article{Igarashi:2005:ASM:1073204.1073323,
 author = {Igarashi, Takeo and Moscovich, Tomer and Hughes, John F.},
 title = {As-rigid-as-possible shape manipulation},
 journal = {ACM Trans. Graph.},
 volume = {24},
 issue = {3},
 month = {July},
 year = {2005},
 issn = {0730-0301},
 pages = {1134--1141},
 numpages = {8},
 url = {http://doi.acm.org/10.1145/1073204.1073323},
 doi = {http://doi.acm.org/10.1145/1073204.1073323},
 acmid = {1073323},
 publisher = {ACM},
 address = {New York, NY, USA},
 keywords = {animation, deformation, image editing, interaction, mesh editing, shape manipulation},
}

@inproceedings{Sorkine:2004:LSE:1057432.1057456,
 author = {Sorkine, O. and Cohen-Or, D. and Lipman, Y. and Alexa, M. and R\"{o}ssl, C. and Seidel, H.-P.},
 title = {Laplacian surface editing},
 booktitle = {Proceedings of the 2004 Eurographics/ACM SIGGRAPH symposium on Geometry processing},
 series = {SGP '04},
 year = {2004},
 isbn = {3-905673-13-4},
 location = {Nice, France},
 pages = {175--184},
 numpages = {10},
 url = {http://doi.acm.org/10.1145/1057432.1057456},
 doi = {http://doi.acm.org/10.1145/1057432.1057456},
 acmid = {1057456},
 publisher = {ACM},
 address = {New York, NY, USA},
} 

@article{doi:10.1080/2151237X.2009.10129273,
author = {Igarashi, Takeo and Igarashi, Yuki},
title = {Implementing As-Rigid-As-Possible Shape Manipulation and Surface Flattening},
journal = {Journal of Graphics, GPU, and Game Tools},
volume = {14},
number = {1},
pages = {17-30},
year = {2009},
doi = {10.1080/2151237X.2009.10129273},

URL = {http://www.tandfonline.com/doi/abs/10.1080/2151237X.2009.10129273},
eprint = {http://www.tandfonline.com/doi/pdf/10.1080/2151237X.2009.10129273}
}
